@article{1,
  title={基于人工智能技术的 25 个行业发展趋势},
  author={张肇聿 and 王一琳 and 李志},
  journal={无人系统技术},
  volume={1},
  year={2019}
}

@article{2,
  title={生成式对抗网络 GAN 及应用},
  author={杨大为},
  journal={信息系统工程},
  number={6},
  pages={81--82},
  year={2018}
}

@article{3,
  title={Wavenet: A generative model for raw audio},
  author={Oord, Aaron van den and Dieleman, Sander and Zen, Heiga and Simonyan, Karen and Vinyals, Oriol and Graves, Alex and Kalchbrenner, Nal and Senior, Andrew and Kavukcuoglu, Koray},
  journal={arXiv preprint arXiv:1609.03499},
  year={2016}
}

@article{4,
  title={语音合成技术综述及研究现状},
  author={魏伟华},
  journal={软件},
  volume={41},
  number={12},
  pages={214--217},
  year={2020}
}

@article{5,
  title={Generative adversarial networks},
  author={Goodfellow, Ian and Pouget-Abadie, Jean and Mirza, Mehdi and Xu, Bing and Warde-Farley, David and Ozair, Sherjil and Courville, Aaron and Bengio, Yoshua},
  journal={Communications of the ACM},
  volume={63},
  number={11},
  pages={139--144},
  year={2020},
  publisher={ACM New York, NY, USA}
}

@article{6,
  title={GAN 在 AI 领域的应用研究},
  author={杜立平 and 宋燕红 and 李晓东 and 金鑫},
  journal={北京电子科技学院学报},
  volume={3},
  year={2018}
}

@article{7,
  title={基于反馈调节的生成对抗网络训练方法},
  author={姚勤炜 and 陈华杰 and 张杰豪 and 侯新雨},
  journal={信号处理在地球物理——浙江省信号处理学会 2018 年学术年会论文集},
  year={2018}
}

@article{8,
  title={生成对抗网络研究综述},
  author={邹秀芳 and 朱定局},
  journal={计算机系统应用},
  volume={28},
  number={11},
  pages={1--9},
  year={2019}
}

@mastersthesis{9,
  title={基于卷积神经网络的脉搏纹时效性分析},
  author={陈鑫},
  year={2019},
  school={北京邮电大学}
}

@article{10,
  title={Deep learning using rectified linear units (relu)},
  author={Agarap, Abien Fred},
  journal={arXiv preprint arXiv:1803.08375},
  year={2018}
}

@article{11,
  title={用于图像分类的卷积神经网络中激活函数的设计},
  author={王红霞 and 周家奇 and 辜承昊 and 林泓},
  journal={浙江大学学报 (工学版)},
  volume={53},
  number={7},
  pages={1363--1373},
  year={2019}
}

@article{12,
  title={Empirical evaluation of rectified activations in convolutional network},
  author={Xu, Bing and Wang, Naiyan and Chen, Tianqi and Li, Mu},
  journal={arXiv preprint arXiv:1505.00853},
  year={2015}
}

@article{13,
  title={Adam: A method for stochastic optimization},
  author={Kingma, Diederik P and Ba, Jimmy},
  journal={arXiv preprint arXiv:1412.6980},
  year={2014}
}

@article{14,
  title={The layer-wise L1 Loss Landscape of Neural Nets is more complex around local minima},
  author={Hinz, Peter},
  journal={arXiv preprint arXiv:2105.02831},
  year={2021}
}

@article{15,
  title={深度学习语音合成技术研究},
  author={张小峰 and 谢钧 and 罗健欣 and 俞璐},
  journal={计算机时代},
  number={9},
  pages={24--28},
  year={2020}
}

@phdthesis{16,
  title={相关向量机在语音识别中的应用研究},
  author={沈泉波},
  year={2013},
  school={太原: 中北大学, 20l3}
}

@article{17,
  title={High fidelity speech synthesis with adversarial networks},
  author={Bi{\'n}kowski, Miko{\l}aj and Donahue, Jeff and Dieleman, Sander and Clark, Aidan and Elsen, Erich and Casagrande, Norman and Cobo, Luis C and Simonyan, Karen},
  journal={arXiv preprint arXiv:1909.11646},
  year={2019}
}

@article{18,
  title={Spectral normalization for generative adversarial networks},
  author={Miyato, Takeru and Kataoka, Toshiki and Koyama, Masanori and Yoshida, Yuichi},
  journal={arXiv preprint arXiv:1802.05957},
  year={2018}
}

@mastersthesis{19,
  title={基于结构改进的深度卷积生成对抗网络研究及应用},
  author={杜一铭},
  year={2019},
  school={重庆邮电大学}
}
